@article{herculano-houzel-2015,
    title={Mammalian Brains Are Made of These: A Dataset of the Numbers and Densities of Neuronal and Nonneuronal Cells in the Brain of Glires, Primates, Scandentia, Eulipotyphlans, Afrotherians and Artiodactyls, and Their Relationship with Body Mass},
    url={http://dx.doi.org/10.1159/000437413},
    doi = {10.1159/000437413},
    journal={Brain, Behavior and Evolution},
    publisher={Karger Publishers},
    author={Herculano-Houzel, Suzana and Catania, Kenneth and Manger, Paul R. and Kaas, Jon H.},
    month={Sep},
    year={2015},
    pages = {145-163}}
    
@Manual{Rstudio,
    title = {RStudio: Integrated Development Environment for R},
    author = {{RStudio Team}},
    organization = {RStudio, Inc.},
    address = {Boston, MA},
    year = {2016},
    url = {http://www.rstudio.com/}}